@article{jones,
  title = {The Characteristics of Tungsten Filaments as Functions of Temperature},
  author = {Langmuir, Irving},
  journal = {Phys. Rev.},
  volume = {7},
  issue = {3},
  pages = {302--330},
  numpages = {0},
  year = {1916},
  month = {Mar},
  publisher = {American Physical Society},
  doi = {10.1103/PhysRev.7.302},
  url = {https://link.aps.org/doi/10.1103/PhysRev.7.302}
}

@misc{codata,
  author       = {Mohr, Peter J. and
                  Newell, David B. and
                  Taylor, Barry N.},
  title        = {{CODATA Recommended Values of the Fundamental 
                   Physical Constants: 2014}},
  month        = aug,
  year         = 2015,
  publisher    = {Zenodo},
  doi          = {10.5281/zenodo.22826},
  url          = {https://doi.org/10.5281/zenodo.22826}
}

@misc{sensorcassy,
  title = {Instruction sheet 524 013},
  author = {LD Didactic GmbH},
  howpublished = {\url{https://www.ld-didactic.com/documents/en-US/GA/GA/5/524/524013e.pdf}},
}

@misc{unit,
  title = {UT151 Series Modern Digital Multimeters},
  author = {UNI-T},
  howpublished = {\url{https://meters.uni-trend.com/product/ut151-series}},
}

@misc{eisco,
  title = {Power Supply, 11 Inch - Digital - Premium Quality - AC/DC - With Overload Protection - Eisco Labs},
  author = {Eisco Labs},
  howpublished = {\url{https://www.eiscolabs.com/products/esrds1337}}},
}

@misc{fp400,
  title = {FP 400 Description and rating},
  author = {General Electric},
  howpublished = {\url{https://frank.pocnet.net/sheets/141/f/FP400.pdf}}},
}

@misc{difracciontube,
  title = {Instruction sheet 555 626},
  author = {LD Didactic GmbH},
  howpublished = {\url{https://www.ld-didactic.com/documents/en-US/GA/GA/5/555/555626e.pdf}},
}

@misc{soporte,
  title = {Instruction sheet 555 600 },
  author = {LD Didactic GmbH},
  howpublished = {\url{https://www.ld-didactic.com/documents/en-US/GA/GA/5/555/555600e.pdf}}},
}

@misc{power,
  title = {Instruction sheet 521 70},
  author = {LD Didactic GmbH},
  howpublished = {\url{https://www.ld-didactic.com/documents/en-US/GA/GA/5/521/52170de.pdf}},
}

@book{eisberg2,
  author    = {Eisberg, R.},
  title     = {Fundamentos de Fisica Moderna},
  year      = {2000},
  publisher = {Editorial Limusa},
}

@misc{leybold,
  title = {Diffraction of electrons in
a polycrystalline lattice
(Debye-Scherrer diffraction)},
  author = {LD Didactic GmbH},
  howpublished = {\url{https://www.ld-didactic.com/documents/en-US/EXP/P/P6/P6151_e.pdf}},
}

@book{ardila,
  author    = {Ardila, A.},
  title     =  {FÃ­sica Experimental},
  year      = {2007},
  publisher = {Universidad Nacional de Colombia},
}