
@online{KBoltzmann,
    title = "CODATA Value: Boltzmann constant",
    url = 
    "https://physics.nist.gov/cgi-bin/cuu/Value?kev|search_for=boltzmann",
    year = {2022}
}

@online{cargaelectron,
    title = "CODATA Value: elementary charge ",
    url = "https://physics.nist.gov/cgi-bin/cuu/Value?e|search_for=elecmag_in!",
    year = {2022}
}

@online{Numpy,
    title = "Numpy",
    url = "https://numpy.org/",
    year = {2024}
}

@online{Scipy,
    title = "Scipy",
    url = "https://scipy.org/",
    year = {2024}
}

@book{ArdilaLibro,
    author ={Ángel Miguel Ardila},
    title = {Física Experimental},
    publisher = {Universidad Nacional de Colombia} ,
    year = {2007}
}



